<record><leader>00000cas a22000007a 4500</leader><controlfield tag="001">9936132</controlfield><controlfield tag="008">830922d18911892ksudr ne      0    0eng d</controlfield><datafield ind1=" " ind2=" " tag="010"><subfield code="a">sn 83040360 </subfield></datafield><datafield ind1=" " ind2=" " tag="040"><subfield code="a">KSH</subfield><subfield code="b">eng</subfield><subfield code="c">KSH</subfield><subfield code="d">NPT</subfield><subfield code="d">OCLCQ</subfield></datafield><datafield ind1=" " ind2=" " tag="042"><subfield code="a">msc</subfield></datafield><datafield ind1=" " ind2=" " tag="043"><subfield code="a">n-us-ks</subfield></datafield><datafield ind1="0" ind2=" " tag="130"><subfield code="a">Brown County world (Hiawatha, Kan. : 1891)</subfield></datafield><datafield ind1="1" ind2="4" tag="245"><subfield code="a">The Brown County world.</subfield></datafield><datafield ind1=" " ind2=" " tag="260"><subfield code="a">Hiawatha, Kan. :</subfield><subfield code="b">Ewing Herbert,</subfield><subfield code="c">-1892.</subfield></datafield><datafield ind1=" " ind2=" " tag="300"><subfield code="a">v. :</subfield><subfield code="b">ill. (chiefly advertisements) ;</subfield><subfield code="c">55 cm.</subfield></datafield><datafield ind1=" " ind2=" " tag="310"><subfield code="a">Daily (except Sunday)</subfield></datafield><datafield ind1="0" ind2=" " tag="362"><subfield code="a">-v. 4, no. 205 (Apr. 30, 1892).</subfield></datafield><datafield ind1="1" ind2=" " tag="362"><subfield code="a">Began in 1891.</subfield><subfield code="z">Cf. Ayer, 1892.</subfield></datafield><datafield ind1=" " ind2=" " tag="500"><subfield code="a">Editor: Ewing Herbert.</subfield></datafield><datafield ind1=" " ind2=" " tag="580"><subfield code="a">Issues also in weekly edition called: Brown County world (Hiawatha, Kan. : 1884).</subfield></datafield><datafield ind1=" " ind2=" " tag="588"><subfield code="a">Description based on: Vol. 4, no. 2 (Sept. 2, 1891).</subfield></datafield><datafield ind1="1" ind2=" " tag="700"><subfield code="a">Herbert, Ewing.</subfield></datafield><datafield ind1=" " ind2=" " tag="752"><subfield code="a">United States</subfield><subfield code="b">Kansas</subfield><subfield code="c">Brown</subfield><subfield code="d">Hiawatha.</subfield></datafield><datafield ind1="1" ind2=" " tag="775"><subfield code="t">Brown County world (Hiawatha, Kan. : 1884)</subfield><subfield code="w">(DLC)sn 83040358</subfield></datafield></record>